@article{wootters1982single,
  title={A single quantum cannot be cloned},
  author={Wootters, William K and Zurek, Wojciech H},
  journal={Nature},
  volume={299},
  number={5886},
  pages={802--803},
  year={1982},
  publisher={Springer}
}